
@article{Santos2024,
  author = {Igor Gabriel dos Santos},
  title = {Communication in Robotic Systems with ROS2 and Arduino using AADL},
  journal = {XIV Conferência Nacional em Comunicações, Redes e Segurança da Informação},
  year = {2024}
}

@article{Albonico2024,
  author = {Michel Albonico and Paulo Júnior Varela and Adair José Rohling and Andreas Wortmann},
  title = {Energy Efficiency of ROS Nodes in Different Languages: Publisher-Subscriber Case Studies},
  journal = {2024 IEEE/ACM 6th International Workshop on Robotics Software Engineering (RoSE)},
  year = {2024}
}

@article{Senn2021,
  author = {Eric Senn and Lucie Bourdon},
  title = {Introducing CPU load Analysis from AADL Models for ROS applications : a use case},
  journal = {2021 Forum on specification \& Design Languages (FDL)},
  year = {2021}
}

@article{Macenski2022,
  author = {Steve Macenski and Tully Foote and Brian Gerkey and Chris Lalancette and William Woodall},
  title = {Robot Operating System2: Design, Architecture, and Uses In The Wild},
  journal = {Science Robotics},
  year = {2022}
}

@article{Bardaro2018,
  author = {Gianluca Bardaro and Andrea Semprebon and Matteo Matteucci},
  title = {A use case in model-based robot development using AADL and ROS},
  journal = {2018 ACM/IEEE 1st International Workshop on Robotics Software Engineering},
  year = {2018}
}

@article{Senn2022,
  author = {Eric Senn},
  title = {ROS communications profiling for bus load analysis from AADL},
  journal = {ERTS 2022 Proceedings},
  year = {2022}
}

@article{Bardaro2019,
  author = {Gianluca Bardaro and Andrea Semprebon and Agnese Chiatti and Matteo Matteucci},
  title = {From Models To Software Through Automatic Transformations: An AADL To ROS End-to-End Toolchain},
  journal = {2019 Third IEEE International Conference on Robotic Computing (IRC)},
  year = {2019}
}

@phdthesis{Moraes2013,
  author = {Elisabete Nakoneczny Moraes},
  title = {Método para gerenciamento do consumo de energia elétrica em sistemas ciberfísicos},
  school = {Universidade Federal de Santa Catarina},
  year = {2013}
}

@article{Bardaro2017,
  author = {Gianluca Bardaro and Andrea Semprebon and Matteo Matteucci},
  title = {AADL for robotics: a general approach for system architecture modeling and code generation},
  journal = {Journal of Software Engineering for Robotics},
  year = {2017}
}

@article{SennBourdon2022,
  author = {Eric Senn and Lucie W. J. Bourdon and Dominique Blouin},
  title = {Multi-paradigm modeling for early analysis of ROS-based robotic applications using a library of AADL models},
  journal = {Proceedings of the 25th International Conference on Model Driven Engineering Languages and Systems},
  pages = {677--683},
  year = {2022}
}

@misc{Wahde2016,
  author = {Mattias Wahde},
  title = {Introduction to Autonomous Robots},
  year = {2016},
  note = {Notas de aula do curso FFR125, Chalmers University of Technology. Disponível em: \url{https://www.me.chalmers.se/~mwahde/courses/aa/2016/FFR125_LectureNotes.pdf}. Acesso em: 7 mar. 2025}
}

@article{Bensalem2009,
  author = {S. Bensalem and M. Gallien and F. Ingrand and I. Kahloul and N. Thanh-Hung},
  title = {Designing autonomous robots},
  journal = {IEEE Robotics \& Automation Magazine},
  volume = {16},
  number = {1},
  pages = {67--77},
  year = {2009},
}

@article{Bernardo2025,
  author = {Rodrigo Bernardo and João M.C. Sousa and Paulo J.S. Gonçalves},
  title = {Ontological framework for high-level task replanning for autonomous robotic systems},
  journal = {Robotics and Autonomous Systems},
  volume = {184},
  pages = {104861},
  year = {2025},
}


@article{Mikusz2014,
  author = {Mikusz, M.},
  title = {Towards an Understanding of Cyber-Physical Systems as Industrial Software-Product-Service Systems},
  journal = {Procedia CIRP},
  volume = {16},
  pages = {385--389},
  year = {2014},
}

@misc{ROSWebsite,
  author = {{Open Source Robotics Foundation}},
  title = {Robot Operating System (ROS)},
  year = {2025},
  howpublished = {\url{https://www.ros.org/}},
  note = {Acesso em: 25 abr. 2025},
}
